@misc{petricek-2007-fswebtools,
  title={F\# Web Tools: Rich client/server web applications in F\#},
  author={Petricek, Tomas and Syme, Don},
  howpublished={Unpublished draft. Online at \url{https://tomasp.net/academic/articles/fswebtools/fswebtools-ml.pdf}}
}

@inproceedings{petricek-2013-coeffects,
  author = {Tomas Petricek and Dominic A. Orchard and Alan Mycroft},
  editor = {Fedor V. Fomin and Rusins Freivalds and Marta Z. Kwiatkowska and David Peleg},
  title = {Coeffects: Unified Static Analysis of Context-Dependence},
  booktitle = {Automata, Languages, and Programming - 40th International Colloquium, {ICALP} 2013, Riga, Latvia, July 8-12, 2013, Proceedings, Part {II}},
  series = {Lecture Notes in Computer Science},
  volume = {7966},
  pages = {385--397},
  publisher = {Springer},
  year = {2013},
  doi = {10.1007/978-3-642-39212-2\_35},
}

@inproceedings{rpg-2012-revolution,
  author = {Gabriel, Richard P.},
  title = {The structure of a programming language revolution},
  year = {2012},
  isbn = {9781450315623},
  publisher = {Association for Computing Machinery},
  address = {New York, NY, USA},
  doi = {10.1145/2384592.2384611},
  booktitle = {Proceedings of the ACM International Symposium on New Ideas, New Paradigms, and Reflections on Programming and Software},
  pages = {195–214},
  numpages = {20},
  location = {Tucson, Arizona, USA},
  series = {Onward! 2012}
}

@book{ankerson-2018-dot,
  title={Dot-com design: The rise of a usable, social, commercial web},
  author={Ankerson, Megan Sapnar},
  volume={15},
  year={2018},
  publisher={NYU Press}
}

@article{resnick-2009-scratch,
  author = {Resnick, Mitchel and Maloney, John and Monroy-Hern\'{a}ndez, Andr\'{e}s and Rusk, Natalie and Eastmond, Evelyn and Brennan, Karen and Millner, Amon and Rosenbaum, Eric and Silver, Jay and Silverman, Brian and Kafai, Yasmin},
  title = {Scratch: programming for all},
  year = {2009},
  issue_date = {November 2009},
  publisher = {Association for Computing Machinery},
  address = {New York, NY, USA},
  volume = {52},
  number = {11},
  issn = {0001-0782},
  doi = {10.1145/1592761.1592779},
  journal = {Commun. ACM},
  month = {nov},
  pages = {60–67},
  numpages = {8}
}

@proceedings{hirschfeld-2008-s3,
  editor = {Robert Hirschfeld and Kim Rose},
  title = {Self-Sustaining Systems, First Workshop, {S3} 2008, Potsdam, Germany, May 15-16, 2008, Revised Selected Papers},
  series = {Lecture Notes in Computer Science},
  volume = {5146},
  publisher = {Springer},
  year = {2008},
  doi = {10.1007/978-3-540-89275-5},
  isbn = {978-3-540-89274-8},
}

@proceedings{hirschfeld-2010-s3,
  editor = {Robert Hirschfeld and Hidehiko Masuhara and Kim Rose},
  title = {Workshop on Self-Sustaining Systems, {S3} 2010, Tokyo, Japan, September 27-28, 2010},
  publisher = {{ACM}},
  year = {2010},
  doi = {10.1145/1942793},
  isbn = {978-1-4503-0491-7},
}

@article{brooks-1987-silver,
  author={Brooks, Frederick P.},
  journal={Computer},
  title={No Silver Bullet: Essence and Accidents of Software Engineering},
  year={1987},
  volume={20},
  number={4},
  pages={10-19},
  doi={10.1109/MC.1987.1663532}
}

@inproceedings{petricek-2021-architecture,
  author = {Petricek, Tomas},
  title = {Programming as architecture, design, and urban planning},
  year = {2021},
  isbn = {9781450391108},
  publisher = {Association for Computing Machinery},
  address = {New York, NY, USA},
  doi = {10.1145/3486607.3486770},
  booktitle = {Proceedings of the 2021 ACM SIGPLAN International Symposium on New Ideas, New Paradigms, and Reflections on Programming and Software},
  pages = {114–124},
  numpages = {11},
  location = {Chicago, IL, USA},
  series = {Onward! 2021}
}

@book{alexander-1964-notes,
  title={Notes on the Synthesis of Form},
  author={Alexander, Christopher},
  isbn={9780674627512},
  lccn={64013417},
  series={A Harvard paperback},
  publisher={Harvard University Press}
}

@book{brand-1994-buildings,
  title={How Buildings Learn: What Happens After They're Built},
  author={Brand, Stewart},
  isbn={9780670835157},
  lccn={lc93040193},
  year={1994},
  publisher={Viking}
}

@article{cohen-1974-context,
  title={Physical Context/Cultural Context: Including It All},
  author={Cohen, Stuart},
  journal={OPPOSITIONS},
  volume={2},
  year={1974},
  pages={1--40},
  month={January}
}

@article{leimbach-2008-sap,
  author={Leimbach, Timo},
  journal={IEEE Annals of the History of Computing},
  title={The SAP Story: Evolution of SAP within the German Software Industry},
  year={2008},
  volume={30},
  number={4},
  pages={60-76},
  doi={10.1109/MAHC.2008.75}
}

@online{fsf-2001-whatis,
  author = {Free Software Foundation},
  title = {What is Free Software (version 1.1)},
  year = {2001},
  url = {https://www.gnu.org/philosophy/free-sw.en.html},
  note = {Accessed on: 5 February 2024},
}

@article{demillo-1979-proofs,
  author = {De Millo, Richard A. and Lipton, Richard J. and Perlis, Alan J.},
  title = {Social processes and proofs of theorems and programs},
  year = {1979},
  issue_date = {May 1979},
  publisher = {Association for Computing Machinery},
  address = {New York, NY, USA},
  volume = {22},
  number = {5},
  issn = {0001-0782},
  doi = {10.1145/359104.359106},
  journal = {Commun. ACM},
  month = {may},
  pages = {271–280},
  numpages = {10},
}

@book{feiler-2006-ulss,
  author={Feiler, Peter and Gabriel, Richard and Goodenough, John and Linger, Richard and Longstaff, Thomas and Kazman, Rick and Klein, Mark and Northrop, Linda and Schmidt, Douglas and Sullivan, Kevin and Wallnau, Kurt},
  title={Ultra-Large-Scale Systems: The Software Challenge of the Future},
  month={Jun},
  year={2006},
  howpublished={Carnegie Mellon University, Software Engineering Institute's Digital Library},
  url={https://insights.sei.cmu.edu/library/ultra-large-scale-systems-the-software-challenge-of-the-future/},
  note={Accessed: 2024-Feb-5}
}

@book{mackenzie-2001-proof,
  author = {MacKenzie, Donald},
  title = "{Mechanizing Proof: Computing, Risk, and Trust}",
  publisher = {The MIT Press},
  year = {2001},
  month = {09},
  isbn = {9780262278829},
  doi = {10.7551/mitpress/4529.001.0001},
}

@book{lynch-1960-image,
  title={The Image of the City},
  author={Lynch, Kevin},
  year={1960},
  publisher={MIT Press},
  address={Cambridge, MA}
}

@article{perera-2022-galois,
  author = {Perera, Roly and Nguyen, Minh and Petricek, Tomas and Wang, Meng},
  title = {Linked visualisations via Galois dependencies},
  year = {2022},
 issue_date = {January 2022},
  publisher = {Association for Computing Machinery},
  address = {New York, NY, USA},
  volume = {6},
  number = {POPL},
  doi = {10.1145/3498668},
  journal = {Proc. ACM Program. Lang.},
  month = {jan},
  articleno = {7},
  numpages = {29},
}

@unpublished{basman-2022-materialized,
  title={Boxer and the Tradition of Materialised Programming},
  author={Basman, Antranig},
  note={Conference talk presented at Boxer Salon},
  year={2022}
}

@article{disessa-1986-boxer,
  author = {diSessa, A. A and Abelson, H.},
  title = {Boxer: a reconstructible computational medium},
  year = {1986},
  issue_date = {Sept. 1986},
  publisher = {Association for Computing Machinery},
  address = {New York, NY, USA},
  volume = {29},
  number = {9},
  issn = {0001-0782},
  doi = {10.1145/6592.6595},
  journal = {Commun. ACM},
  month = {sep},
  pages = {859–868},
  numpages = {10}
}

@article{rein-2018-live,
  title={Exploratory and Live, Programming and Coding},
  author={Rein, Patrick and Ramson, Stefan and Lincke, Jens and Hirschfeld, Robert and Pape, Tobias},
  journal={The Art, Science, and Engineering of Programming},
  volume={3},
  number={1},
  year={2018},
  publisher={AOSA}
}

@phdthesis{depaz-2023-aesthetics,
  title={The role of aesthetics in understanding source code},
  author={Depaz, Pierre},
  year={2023},
  school={Universit\'e Sorbonne Nouvelle, ED120 - THALIM}
}

@inproceedings{borning-1997-constraints,
  author = {Borning, Alan and Marriott, Kim and Stuckey, Peter and Xiao, Yi},
  title = {Solving linear arithmetic constraints for user interface applications},
  year = {1997},
  isbn = {0897918819},
  publisher = {Association for Computing Machinery},
  address = {New York, NY, USA},
  doi = {10.1145/263407.263518},
  booktitle = {Proceedings of the 10th Annual ACM Symposium on User Interface Software and Technology},
  pages = {87–96},
  numpages = {10},
  location = {Banff, Alberta, Canada},
  series = {UIST '97}
}

@book{hacking-1983-representing,
  title={Representing and Intervening: Introductory Topics in the Philosophy of Natural Science},
  author={Hacking, Ian},
  year={1983},
  publisher={Cambridge University Press},
  address={Cambridge}
}

@inproceedings{edwards-2019-eval,
  title={Evaluating programming systems design},
  author={Edwards, Jonathan and Kell, Stephen and Petricek, Tomas and Church, Luke},
  booktitle={Proceedings of the 30th Annual Workshop of the Psychology of Programming Interest Group (PPIG 2019)},
  editor={Marasoiu, Mariana and Church, Luke and Marshall, Lindsay},
  address={Newcastle University, UK},
  month={August},
  year={2019},
}

@book{galison-1997-image,
  title={Image and Logic: A Material Culture of Microphysics},
  author={Galison, Peter},
  year={1997},
  publisher={University of Chicago Press}
}

@book{jacobs-1961-death,
  title={The Death and Life of Great American Cities},
  author={Jacobs, Jane},
  year={1961},
  publisher={Random House}
}

@book{brooks-1975-manmonth,
  author = {Frederick P. Brooks Jr.},
  title = {The Mythical Man-Month: Essays on Software Engineering},
  year = {1975},
  publisher = {Addison-Wesley Professional}
}

@book{slayton-2013-arguments,
  title={Arguments that Count: Physics, Computing, and Missile Defense, 1949-2012},
  author={Slayton, Rebecca},
  year={2013},
  publisher={MIT Press},
  doi={10.7551/mitpress/9234.001.0001},
  isbn={9780262316538}
}

@inproceedings{green-1990-cogdims,
  author = {Green, T. R. G.},
  title = {Cognitive dimensions of notations},
  year = {1990},
  isbn = {0521384303},
  publisher = {Cambridge University Press},
  address = {USA},
  booktitle = {Proceedings of the Fifth Conference of the British Computer Society, Human-Computer Interaction Specialist Group on People and Computers V},
  pages = {443–460},
  numpages = {18},
  location = {Univ. of Nottingham}
}


@article{jakubovic-2023-techdims,
  title={Technical Dimensions of Programming Systems},
  author={Jakubovic, Joel and Edwards, Jonathan and Petricek, Tomas},
  journal={The Art, Science, and Engineering of Programming},
  volume={7},
  number={3},
  pages={13--1},
  year={2023}
}

@inproceedings{latoza-2023-theories,
  title={Theories of Programming (Dagstuhl Seminar 22231)},
  author={LaToza, Thomas D and Ko, Amy and Shepherd, David C and Sj{\o}berg, Dag and Xie, Benjamin},
  booktitle={Dagstuhl Reports},
  volume={12},
  number={6},
  year={2023},
  organization={Schloss Dagstuhl-Leibniz-Zentrum f{\"u}r Informatik}
}
